
@inproceedings{wu_computing_2013,
	title = {Computing Plurality Points and Condorcet Points in Euclidean Space},
	pages = {688--698},
	booktitle = {International Symposium on Algorithms and Computation},
	publisher = {Springer},
	author = {Wu, Yen-Wei and Lin, Wei-Yin and Wang, Hung-Lung and Chao, Kun-Mao},
	date = {2013},
  doi = {10.1007/978-3-642-45030-3_64}
}

@article{rousseeuw_bivariate_1996,
	title = {Bivariate Location Depth},
	volume = {45},
	pages = {516--526},
	journaltitle = {Applied Statistics},
	author = {Rousseeuw, Peter J. and Ruts, Ida},
	date = {1996},
  doi = {10.2307/2986073}
}

@article{megiddo_linear_1984,
	title = {Linear programming in linear time when the dimension is fixed},
	volume = {31},
	pages = {114--127},
	number = {1},
	journaltitle = {Journal of the {ACM} ({JACM})},
	author = {Megiddo, Nimrod},
	date = {1984},
  doi = {10.1145/2422.322418}
}